% Introduction
@techreport{hoffstaetter2017cbeta,
  title={CBETA design report},
  author={Hoffstaetter, G and Trbojevic, D and Mayes, C},
  year={2017},
  institution={Brookhaven National Laboratory (BNL), Upton, NY (United States)}
}

@techreport{schneidmiller2011photon,
  title={Photon {B}eam {P}roperties at the {E}uropean {XFEL} ({D}ecember 2010 revision)},
  author={Schneidmiller, Evgeny A and Yurkov, Mikhail V},
  year={2011},
  institution={Deutsches Elektronen-Synchrotron (DESY)}
}

@article{adriani2014technical,
  title={Technical {D}esign {R}eport, {E}urogamma{S} {P}roposal for the {ELI}-{NP} {G}amma {B}eam {S}ystem},
  author={Adriani, O and Albergo, S and Alesini, D and Anania, M and Angal-Kalinin, D and Antici, P and Bacci, A and Bedogni, R and Bellaveglia, M and Biscari, C and others},
  journal={arXiv preprint arXiv:1407.3669},
  year={2014}
}

% Theory of Photon Production by Inverse Compton Scattering
@article{sun2009energy,
  title={Energy and energy spread measurements of an electron beam by Compton scattering method},
  author={Sun, C and Li, J and Rusev, G and Tonchev, AP and Wu, YK},
  journal={Physical Review Special Topics-Accelerators and Beams},
  volume={12},
  number={6},
  pages={062801},
  year={2009},
  publisher={APS}
}